<?xml version="1.0" encoding="UTF-8"?><collection xmlns="http://www.loc.gov/MARC21/slim"><record><leader>00435nam--2200169-i-4500</leader><controlfield tag="001">000028240</controlfield><controlfield tag="002">20161230</controlfield><controlfield tag="005">20170202080944</controlfield><controlfield tag="008">060222s1000------------r-----000-0-eng-d</controlfield><datafield ind1=" " ind2=" " tag="040"><subfield code="a">IFIN-HH</subfield></datafield><datafield ind1=" " ind2=" " tag="100"><subfield code="a">Kittel, Charles</subfield></datafield><datafield ind1=" " ind2=" " tag="245"><subfield code="a">Introduction to Solid State Physics</subfield></datafield><datafield ind1=" " ind2=" " tag="250"><subfield code="a">Fourth Edition</subfield></datafield><datafield ind1=" " ind2=" " tag="260"><subfield code="a">New York</subfield><subfield code="b">John Wiley &amp; Sons, Inc</subfield><subfield code="c">1971</subfield></datafield><datafield ind1=" " ind2=" " tag="300"><subfield code="a">XV+766 p</subfield></datafield><datafield ind1=" " ind2=" " tag="852"><subfield code="b">539.2</subfield><subfield code="a">33530</subfield></datafield><datafield ind1=" " ind2=" " tag="CAT"><subfield code="a">SYS</subfield><subfield code="c">20170202</subfield><subfield code="h">080944</subfield></datafield></record></collection>